<record xmlns="http://www.loc.gov/MARC21/slim" xmlns:xsi="http://www.w3.org/2001/XMLSchema-instance" xsi:schemaLocation="http://www.loc.gov/MARC21/slim http://www.loc.gov/standards/marcxml/schema/MARC21slim.xsd"><leader>01306nam a2200289   4500</leader><controlfield tag="001">001682861</controlfield><controlfield tag="003">NNU</controlfield><controlfield tag="006">m        d        </controlfield><controlfield tag="007">cr cn |||m|||a</controlfield><controlfield tag="008">140707s1947    ua      ob    000 0 ara</controlfield><datafield ind1=" " ind2=" " tag="040"><subfield code="a">NNU</subfield><subfield code="b">eng</subfield><subfield code="c">NNU</subfield></datafield><datafield ind1="0" ind2="0" tag="050"><subfield code="a">MLCMN 98/2931(P)</subfield></datafield><datafield ind1="1" ind2=" " tag="100"><subfield code="a">Rustum, &#699;Abd al-Sal&#257;m.</subfield></datafield><datafield ind1="1" ind2="0" tag="245"><subfield code="a">&#7788;ayf al-wal&#299;d, aw, &#7716;ay&#257;t al-Bu&#7717;tur&#299;</subfield><subfield code="h">[electronic resource] :</subfield><subfield code="b">dir&#257;sah wa-ta&#7717;l&#299;l /</subfield><subfield code="c">bi-qalam &#699;Abd al-Sal&#257;m Rustum.</subfield></datafield><datafield ind1="3" ind2="0" tag="246"><subfield code="a">&#7716;ay&#257;t al-Bu&#7717;tur&#299;</subfield></datafield><datafield ind1=" " ind2=" " tag="260"><subfield code="a">[Cairo] :</subfield><subfield code="b">D&#257;r al-Ma&#699;&#257;rif bi-Mi&#7779;r,</subfield><subfield code="c">[1947?]</subfield></datafield><datafield ind1=" " ind2=" " tag="300"><subfield code="a">online resource (216 p.)</subfield></datafield><datafield ind1=" " ind2=" " tag="500"><subfield code="a">Part of the Arabic Collections Online (ACO) project, contributed by New York Univeristy Libraries.</subfield></datafield><datafield ind1=" " ind2=" " tag="504"><subfield code="a">Includes bibliographical references.</subfield></datafield><datafield ind1=" " ind2=" " tag="533"><subfield code="a">Electronic reproduction.</subfield><subfield code="b">New York, N.Y. :</subfield><subfield code="c">New York University,</subfield><subfield code="d">2014.</subfield><subfield code="5">NNU</subfield></datafield><datafield ind1=" " ind2=" " tag="653"><subfield code="a">Bu&#7717;tur&#299;, al-Wal&#299;d ibn &#699;Ubayd;</subfield><subfield code="a">Biographies</subfield></datafield><datafield ind1="1" ind2="0" tag="600"><subfield code="a">Bu&#7717;tur&#299;, al-Wal&#299;d ibn &#699;Ubayd,</subfield><subfield code="d">ca. 821-897 or 8.</subfield></datafield><datafield ind1="2" ind2=" " tag="710"><subfield code="a">New York University.</subfield><subfield code="b">Libraries.</subfield></datafield><datafield ind1="0" ind2=" " tag="730"><subfield code="a">Arabic Collections Online.</subfield></datafield><datafield ind1="0" ind2="8" tag="776"><subfield code="i">Print version:</subfield><subfield code="a">Rustum, &#699;Abd al-Sal&#257;m.</subfield><subfield code="t">&#7788;ayf al-wal&#299;d, aw, &#7716;ay&#257;t al-Bu&#7717;tur&#299;</subfield><subfield code="w">(NNU)001682861</subfield><subfield code="w">(DLC)96960693 //r98</subfield></datafield><datafield ind1="4" ind2="0" tag="856"><subfield code="u">http://hdl.handle.net/2333.1/v15dv5wq</subfield></datafield><datafield ind1=" " ind2=" " tag="959"><subfield code="a">NNU</subfield><subfield code="b">WEB</subfield><subfield code="c">GENI</subfield><subfield code="t">0</subfield><subfield code="m">Electronic access</subfield><subfield code="s">01</subfield></datafield></record>